@inproceedings{grefenstette1994evolutionary,
  title={An evolutionary approach to learning in robots},
  author={Grefenstette, John and Schultz, Alan},
  booktitle={Machine Learning Workshop on robot learning},
  pages={659--662},
  year={1994},
  organization={Citeseer}
}

@article{della2019application,
  title={Application of game theory and evolutionary algorithm to the regional turboprop aircraft wing optimization},
  author={Della Vecchia, Pierluigi and Stingo, Luca and Nicolosi, Fabrizio and De Marco, Agostino and Daniele, Elia and D???Amato, Egidio},
  journal={Evolutionary and deterministic methods for design optimization and control with applications to industrial and societal problems},
  pages={403--418},
  year={2019},
  publisher={Springer}
}

@book{holland1992adaptation,
  title={Adaptation in natural and artificial systems: an introductory analysis with applications to biology, control, and artificial intelligence},
  author={Holland, John H},
  year={1992},
  publisher={MIT press}
}

@book{price2006differential,
  title={Differential Evolution: a Practical Approach to Global Optimization},
  author={Price, K},
  year={2006},
  publisher={Springer Science \& Business Media}
}

@article{herrera2003taxonomy,
  title={A taxonomy for the crossover operator for real-coded genetic algorithms: An experimental study},
  author={Herrera, Francisco and Lozano, Manuel and S{\'a}nchez, Ana M},
  journal={International Journal of Intelligent Systems},
  volume={18},
  number={3},
  pages={309--338},
  year={2003},
  publisher={Wiley Online Library}
}

@article{campelo2019sample,
  title={Sample size estimation for power and accuracy in the experimental comparison of algorithms},
  author={Campelo, Felipe and Takahashi, Fernanda},
  journal={Journal of Heuristics},
  volume={25},
  pages={305--338},
  year={2019},
  publisher={Springer}
}

@article{campelo2020sample,
  title={Sample size calculations for the experimental comparison of multiple algorithms on multiple problem instances},
  author={Campelo, Felipe and Wanner, Elizabeth F},
  journal={Journal of Heuristics},
  volume={26},
  number={6},
  pages={851--883},
  year={2020},
  publisher={Springer}
}