@misc{IMC_def,
  author = {{Centers for Disease Control and Prevention}},
  title = {About Body Mass Index (BMI)},
  year = {2024},
  url = {https://www.cdc.gov/bmi/about/index.html},
  note = {Accessed: 2024-10-29}
}

@article{weir2019bmi,
  title={BMI classification percentile and cut off points},
  author={Weir, Connor B and Jan, Arif},
  year={2019}
}

@article{nuttall2015body,
  title={Body mass index: obesity, BMI, and health: a critical review},
  author={Nuttall, Frank Q},
  journal={Nutrition today},
  volume={50},
  number={3},
  pages={117--128},
  year={2015},
  publisher={LWW}
}

@article{branco2023bioelectrical,
  title={Bioelectrical Impedance Analysis (BIA) for the assessment of body composition in oncology: a scoping review},
  author={Branco, Mariana Garcia and Mateus, Carlota and Capelas, Manuel Lu{\'\i}s and Pimenta, Nuno and Santos, Teresa and M{\"a}kitie, Antti and Ganh{\~a}o-Arranhado, Susana and Trabulo, Carolina and Ravasco, Paula},
  journal={Nutrients},
  volume={15},
  number={22},
  pages={4792},
  year={2023},
  publisher={MDPI}
}

@article{shah2012measuring,
  title={Measuring adiposity in patients: the utility of body mass index (BMI), percent body fat, and leptin},
  author={Shah, Nirav R and Braverman, Eric R},
  journal={PloS one},
  volume={7},
  number={4},
  pages={e33308},
  year={2012},
  publisher={Public Library of Science San Francisco, USA}
}

@article{bredella2017sex,
  title={Sex differences in body composition},
  author={Bredella, Miriam A},
  journal={Sex and gender factors affecting metabolic homeostasis, diabetes and obesity},
  pages={9--27},
  year={2017},
  publisher={Springer}
}

@article{olfert2018self,
  title={Self-reported vs. measured height, weight, and BMI in young adults},
  author={Olfert, Melissa D and Barr, Makenzie L and Charlier, Camille M and Famodu, Oluremi A and Zhou, Wenjun and Mathews, Anne E and Byrd-Bredbenner, Carol and Colby, Sarah E},
  journal={International journal of environmental research and public health},
  volume={15},
  number={10},
  pages={2216},
  year={2018},
  publisher={MDPI}
}

@article{graves2022undergraduate,
  title={Undergraduate versus graduate nursing students: Differences in nutrition, physical activity, and self-reported body mass index},
  author={Graves, Rebecca J and Williams, Susan G and Hauff, Caitlyn and Fruh, Sharon M and Sims, Brook and Hudson, Geoffrey M and McDermott, Ryon C and Sittig, Scott and Shaw, Thomas and Campbell, Matt and others},
  journal={Journal of American College Health},
  volume={70},
  number={7},
  pages={1941--1946},
  year={2022},
  publisher={Taylor \& Francis}
}