@article{xidonas2020robust,
  title={Robust portfolio optimization: a categorized bibliographic review},
  author={Xidonas, Panos and Steuer, Ralph and Hassapis, Christis},
  journal={Annals of Operations Research},
  volume={292},
  number={1},
  pages={533--552},
  year={2020},
  publisher={Springer}
}

@article{levivsauskait2010investment,
  title={Investment analysis and portfolio management},
  author={Levi{\v{s}}auskait, Kristina},
  journal={Leonardo da Vinci programme project},
  volume={7},
  year={2010}
}